% Example bibtex file for ISMIR Template

@INPROCEEDINGS{Ukkonen:2,
	AUTHOR = {E. Ukkonen, K. Lemström and V. Mäkinen},
	TITLE = {Sweepline the music!},
	JOURNAL = {Computer Science in Perspective},
    PUBLISHER = {Springer, Heidelberg},
	VOLUME = {2598},
	PAGES = {330-342},
	YEAR = {2003},
	}

@article{doi:10.1076/jnmr.31.4.321.14162,
    author = { David   Meredith  and  Kjell   Lemström  and  Geraint A.   Wiggins },
    title = {Algorithms for discovering repeated patterns in multidimensional representations of polyphonic music},
    journal = {Journal of New Music Research},
    volume = {31},
    number = {4},
    pages = {321-345},
    year = {2002},
    doi = {10.1076/jnmr.31.4.321.14162},

    URL = { 
            http://www.tandfonline.com/doi/abs/10.1076/jnmr.31.4.321.14162
    },
    eprint = { 
            http://www.tandfonline.com/doi/pdf/10.1076/jnmr.31.4.321.14162
    }
}

@INPROCEEDINGS{Schindler:3,
	AUTHOR = {A. Schindler, R. Mayer and A. Rauber},
    TITLE = {Facilitating comprehensive benchmarking experiments on the million song dataset},
	JOURNAL = {Proceedings of the 13th International Society for Music Information Retrieval Conference},
	PAGES = {469-474},
	YEAR = {2012},
	}
    
@INPROCEEDINGS{Bertin-Mahieux2011,
  author = {Thierry Bertin-Mahieux and Daniel P.W. Ellis and Brian Whitman and Paul Lamere},
  title = {The Million Song Dataset},
  booktitle = {{Proceedings of the 12th International Conference on Music Information
	Retrieval ({ISMIR} 2011)}},
  year = {2011},
  owner = {thierry},
  timestamp = {2010.03.07}
}

@phdthesis{raffel,
  author       = {Colin Raffel}, 
  title        = {Learning-Based Methods for Comparing Sequences, with Applications to Audio-to-MIDI Alignment and Matching},
  year         = 2016,
}

@phdthesis{forth,
      author       = {James C. Forth}, 
      title        = {Cognitively-motivated Geometric Methods of Pattern Discovery
    and Models of Similarity in Music},
      year         = 2012,
}

@article{boot,
    author = {Peter Boot and Anja Volk and W. Bas de Haas},
    title = {Evaluating the Role of Repeated Patterns in Folk Song Classification and Compression},
    journal = {Journal of New Music Research},
    volume = {45},
    number = {3},
    pages = {223-238},
    year = {2016},
    doi = {10.1080/09298215.2016.1208666},

    URL = { 
            http://dx.doi.org/10.1080/09298215.2016.1208666
    },
    eprint = { 
            http://dx.doi.org/10.1080/09298215.2016.1208666
    }
}

@article{koops,
  title={CORPUS-BASED RHYTHMIC PATTERN ANALYSIS OF RAGTIME SYNCOPATION},
  author={Koops, Hendrik Vincent and Volk, Anja and de Haas, W Bas}
}

@article{odekerken,
  title={RHYTHMIC PATTERNS IN RAGTIME AND JAZZ},
  author={Odekerken, Daphne and Volk, Anja and Koops, Hendrik Vincent}
}

@article{scikit-learn,
 title={Scikit-learn: Machine Learning in {P}ython},
 author={Pedregosa, F. and Varoquaux, G. and Gramfort, A. and Michel, V.
         and Thirion, B. and Grisel, O. and Blondel, M. and Prettenhofer, P.
         and Weiss, R. and Dubourg, V. and Vanderplas, J. and Passos, A. and
         Cournapeau, D. and Brucher, M. and Perrot, M. and Duchesnay, E.},
 journal={Journal of Machine Learning Research},
 volume={12},
 pages={2825--2830},
 year={2011}
}

@article{oramas2017multi,
  title={Multi-label Music Genre Classification from Audio, Text, and Images Using Deep Features},
  author={Oramas, Sergio and Nieto, Oriol and Barbieri, Francesco and Serra, Xavier},
  journal={arXiv preprint arXiv:1707.04916},
  year={2017}
}

@misc{Lichman:2013 ,
author = "M. Lichman",
year = "2013",
title = "{UCI} Machine Learning Repository",
url = "http://archive.ics.uci.edu/ml",
institution = "University of California, Irvine, School of Information and Computer Sciences" }

@article{vurkac,
  title={A Cross–Cultural Grammar for Temporal Harmony in Afro–Latin Musics: Clave, Partido–Alto and Other Timelines},
  author={Mehmet Vurkaç},
  journal={Current Musicologu},
   number={94},
 volume={37},
  year={2017}
}
